@book{MfP,
	author = {Philippe Dennery, Andr√© Krzywiki},
	title = {Mathematics for Physicists},
	publisher = {Dover Publications},
	year = {1996}
}
@book{MMF,
	author = {Gianfranco Pradisi},
	title = {Lezioni di metodi matematici della fisica},
	publisher = {Edizioni della Normale},
	year = {2017}
}

